<?xml version="1.0" encoding="UTF-8"?><record xmlns="http://www.loc.gov/MARC21/slim" xmlns:cinclude="http://apache.org/cocoon/include/1.0" xmlns:zs="http://www.loc.gov/zing/srw/">
  <leader>00373nz  a2200133n  4500</leader>
  <controlfield tag="001">no2011173731</controlfield>
  <controlfield tag="003">DLC</controlfield>
  <controlfield tag="005">20111111075117.0</controlfield>
  <controlfield tag="008">111109n| acannaabn           n aaa     c</controlfield>
  <datafield tag="010" ind1=" " ind2=" ">
    <subfield code="a">no2011173731</subfield>
  </datafield>
  <datafield tag="035" ind1=" " ind2=" ">
    <subfield code="a">(OCoLC)oca09030558</subfield>
  </datafield>
  <datafield tag="040" ind1=" " ind2=" ">
    <subfield code="a">CtNbT</subfield>
    <subfield code="b">eng</subfield>
    <subfield code="c">CtNbT</subfield>
  </datafield>
  <datafield tag="100" ind1="1" ind2=" ">
    <subfield code="a">Vanderwilt, Beth</subfield>
  </datafield>
  <datafield tag="670" ind1=" " ind2=" ">
    <subfield code="a">Audition techniques [videorecording], 1988:</subfield>
    <subfield code="b">credits (Beth Vanderwilt, host)</subfield>
  </datafield>
</record>